@online{drake2024,
  author    = {Drake, Nate},
  title     = {RSA encryption explained. What is it and why is it important?},
  year      = {2024},
  publisher = {hide.me},
  url       = {https://hide.me/en/blog/rsa-encryption-explained/},
  note      = {[Citov√°no 2024-11-24]}
}